<marcxml:record xmlns:xlink="http://www.w3.org/1999/xlink" xmlns:marcxml="http://www.loc.gov/MARC21/slim" xmlns:rdf="http://www.w3.org/1999/02/22-rdf-syntax-ns#" xmlns:madsrdf="http://www.loc.gov/mads/rdf/v1#" xmlns:ri="http://id.loc.gov/ontologies/RecordInfo#" xmlns:xsi="http://www.w3.org/2001/XMLSchema-instance" xmlns:mets="http://www.loc.gov/METS/" xmlns:idx="info:lc/xq-modules/lcindex" xmlns:bfidx="info:lc/xq-modules/bfidx" xmlns:semtriples="http://marklogic.com/semantic" xmlns:bf="http://id.loc.gov/ontologies/bibframe/" xmlns:bflc="http://id.loc.gov/ontologies/bflc/" xmlns:bfsimple="http://id.loc.gov/ontologies/bfsimple/" xmlns:dcterms="http://purl.org/dc/terms/">
  <marcxml:leader>01555cam a2200325 a 4500</marcxml:leader>
  <marcxml:controlfield tag="001">11923078</marcxml:controlfield>
  <marcxml:controlfield tag="005">20210416210351.0</marcxml:controlfield>
  <marcxml:controlfield tag="008">000225s2000    nyu    c      000 1 eng  </marcxml:controlfield>
  <marcxml:datafield ind1=" " ind2=" " tag="906">
    <marcxml:subfield code="a">7</marcxml:subfield>
    <marcxml:subfield code="b">cbc</marcxml:subfield>
    <marcxml:subfield code="c">orignew</marcxml:subfield>
    <marcxml:subfield code="d">1</marcxml:subfield>
    <marcxml:subfield code="e">ocip</marcxml:subfield>
    <marcxml:subfield code="f">20</marcxml:subfield>
    <marcxml:subfield code="g">y-gencatlg</marcxml:subfield>
  </marcxml:datafield>
  <marcxml:datafield ind1="0" ind2=" " tag="925">
    <marcxml:subfield code="a">acquire</marcxml:subfield>
    <marcxml:subfield code="b">2 shelf copies</marcxml:subfield>
    <marcxml:subfield code="x">policy default</marcxml:subfield>
  </marcxml:datafield>
  <marcxml:datafield ind1=" " ind2=" " tag="955">
    <marcxml:subfield code="a">to HLCD pv08 02-25-00; lb14 03-01-00; lb09 05-23-00; lb15 05-24-00 to cip; Cip ver. lb05 11-24-00 to BCCD; lj05 sent copy 2 to BCCD 02-12-01</marcxml:subfield>
    <marcxml:subfield code="u">xk09 2021-04-16 TW situational, changed tagging on Merlin heading</marcxml:subfield>
  </marcxml:datafield>
  <marcxml:datafield ind1=" " ind2=" " tag="010">
    <marcxml:subfield code="a">   00027553 </marcxml:subfield>
  </marcxml:datafield>
  <marcxml:datafield ind1=" " ind2=" " tag="020">
    <marcxml:subfield code="a">039923456X</marcxml:subfield>
  </marcxml:datafield>
  <marcxml:datafield ind1=" " ind2=" " tag="040">
    <marcxml:subfield code="a">DLC</marcxml:subfield>
    <marcxml:subfield code="c">DLC</marcxml:subfield>
    <marcxml:subfield code="d">DLC</marcxml:subfield>
  </marcxml:datafield>
  <marcxml:datafield ind1=" " ind2=" " tag="042">
    <marcxml:subfield code="a">lcac</marcxml:subfield>
  </marcxml:datafield>
  <marcxml:datafield ind1="0" ind2="0" tag="050">
    <marcxml:subfield code="a">PZ7.B27567</marcxml:subfield>
    <marcxml:subfield code="b">Wi 2000</marcxml:subfield>
  </marcxml:datafield>
  <marcxml:datafield ind1="0" ind2="0" tag="082">
    <marcxml:subfield code="a">[Fic]</marcxml:subfield>
    <marcxml:subfield code="2">21</marcxml:subfield>
  </marcxml:datafield>
  <marcxml:datafield ind1="1" ind2=" " tag="100">
    <marcxml:subfield code="a">Barron, T. A.</marcxml:subfield>
  </marcxml:datafield>
  <marcxml:datafield ind1="1" ind2="4" tag="245">
    <marcxml:subfield code="a">The wings of Merlin /</marcxml:subfield>
    <marcxml:subfield code="c">T.A. Barron.</marcxml:subfield>
  </marcxml:datafield>
  <marcxml:datafield ind1=" " ind2=" " tag="260">
    <marcxml:subfield code="a">New York :</marcxml:subfield>
    <marcxml:subfield code="b">Philomel Books,</marcxml:subfield>
    <marcxml:subfield code="c">2000.</marcxml:subfield>
  </marcxml:datafield>
  <marcxml:datafield ind1=" " ind2=" " tag="300">
    <marcxml:subfield code="a">352 p. ;</marcxml:subfield>
    <marcxml:subfield code="c">24 cm.</marcxml:subfield>
  </marcxml:datafield>
  <marcxml:datafield ind1="1" ind2=" " tag="490">
    <marcxml:subfield code="a">The lost years of Merlin ;</marcxml:subfield>
    <marcxml:subfield code="v">bk. 5</marcxml:subfield>
  </marcxml:datafield>
  <marcxml:datafield ind1=" " ind2=" " tag="520">
    <marcxml:subfield code="a">Merlin's fragile home on the isle of Fincayra is threatened by the attack of a mysterious warrior with swords for arms and by the escape of Stangmar from his imprisonment, as Merlin continues to move toward his ultimate destiny.</marcxml:subfield>
  </marcxml:datafield>
  <marcxml:datafield ind1="0" ind2="0" tag="600">
    <marcxml:subfield code="a">Merlin</marcxml:subfield>
    <marcxml:subfield code="c">(Legendary character)</marcxml:subfield>
    <marcxml:subfield code="v">Juvenile fiction.</marcxml:subfield>
  </marcxml:datafield>
  <marcxml:datafield ind1="0" ind2="1" tag="600">
    <marcxml:subfield code="a">Merlin</marcxml:subfield>
    <marcxml:subfield code="c">(Legendary character)</marcxml:subfield>
    <marcxml:subfield code="v">Fiction.</marcxml:subfield>
  </marcxml:datafield>
  <marcxml:datafield ind1=" " ind2="1" tag="650">
    <marcxml:subfield code="a">Wizards</marcxml:subfield>
    <marcxml:subfield code="v">Fiction.</marcxml:subfield>
  </marcxml:datafield>
  <marcxml:datafield ind1=" " ind2="1" tag="650">
    <marcxml:subfield code="a">Fantasy.</marcxml:subfield>
  </marcxml:datafield>
  <marcxml:datafield ind1="1" ind2=" " tag="800">
    <marcxml:subfield code="a">Barron, T. A.</marcxml:subfield>
    <marcxml:subfield code="t">Lost years of Merlin ;</marcxml:subfield>
    <marcxml:subfield code="v">bk. 5.</marcxml:subfield>
  </marcxml:datafield>
  <marcxml:datafield ind1="4" ind2="2" tag="856">
    <marcxml:subfield code="3">Contributor biographical information</marcxml:subfield>
    <marcxml:subfield code="u">http://www.loc.gov/catdir/enhancements/fy1203/00027553-b.html</marcxml:subfield>
  </marcxml:datafield>
  <marcxml:datafield ind1="4" ind2="2" tag="856">
    <marcxml:subfield code="3">Publisher description</marcxml:subfield>
    <marcxml:subfield code="u">http://www.loc.gov/catdir/enhancements/fy1203/00027553-d.html</marcxml:subfield>
  </marcxml:datafield>
</marcxml:record>
